% !Mode:: "TeX:UTF-8"
@article{江少恩2009我国激光惯性约束聚变实验研究进展,
  title={我国激光惯性约束聚变实验研究进展},
  author={江少恩 and 丁永坤 and 缪文勇 and 刘慎业 and 郑志坚 and 张保汉 and 张继彦 and 黄天晅 and 李三伟 and 陈家斌 and others},
  journal={中国科学: G 辑},
  language={zh},
  volume={39},
  number={11},
  pages={1571},
  year={2009}
}

@article{wang2020recent,
  title={Recent diagnostic developments at the 100 kJ-level laser facility in China},
  author={Wang, Feng and Jiang, Shaoen and Ding, Yongkun and Liu, Shenye and Yang, Jiamin and Li, Sanwei and Huang, Tianxuan and Cao, Zhurong and Yang, Zhenghua and Hu, Xin and others},
  journal={Matter and Radiation at Extremes},
  volume={5},
  number={3},
  year={2020},
  publisher={AIP Publishing}
}
